@online{syn_bio_field,
	title = {},
	date = {09.10.2018},
	note = "\url{} accessed 09.10.2018"
}

@online{repressilator,
	ALTauthor = {author},
	ALTeditor = {editor},
	title = {Repressiolator model at Biomodels Database},
date = {09.10.2018},
note = "\url{http://www.ebi.ac.uk/biomodels-main/BIOMD0000000012} accessed 09.10.2018"
}

@online{copasi,
	title = {Matplotlib},
	date = {09.10.2018},
	note = "\url{https://matplotlib.org/} accessed 09.10.2018"
}

@online{copasi,
	title = {COPASI},
date = {09.10.2018},
note = "\url{http://copasi.org/} accessed 09.10.2018"
}

@online{genocad,
	title = {GenoCAD},
date = {09.10.2018},
note = "\url{https://genocad.com/} accessed 09.10.2018"
}

@online{tinkercell,
	title = {TinkerCell},
date = {09.10.2018},
note = "\url{http://www.tinkercell.com/} accessed 09.10.2018"
}

@online{biomodels,
	title = {BioModels Database},
date = {09.10.2018},
note = "\url{https://www.ebi.ac.uk/biomodels-main/} accessed 09.10.2018"
}

@online{rsbp,
	title = {Registry of Standard Biological Parts},
date = {09.10.2018},
note = "\url{http://parts.igem.org/Main_Page} accessed 09.10.2018"
}

@online{numpy,
	title = {NumPy},
	date = {09.10.2018},
	note = "\url{http://www.numpy.org/} accessed 09.10.2018"
}

@online{scipy,
	title = {SciPy},
date = {09.10.2018},
note = "\url{https://www.scipy.org/} accessed 09.10.2018"
}