@online{syn_bio_field,
	title = {},
	date = {09.10.2018},
	note = "\url{} accessed 09.10.2018"
}



@online{gene_designer,
	title = {Gene Designer},
	date = {27.11.2018},
	note = "\url{https://www.atum.bio/resources/genedesigner} accessed 27.11.2018"
}

@online{gillespie_original,
	author = {Nick Monk},
	title = {Introduction to Biological Modelling},
	date = {24.11.2018},
	note = "\url{https://www.maths.nottingham.ac.uk/minisites/mathsforlife/cpib2012/lect3p2_stochastic_handout.pdf} accessed 24.11.2018"
}

@online{gillespie,
	author = {Nick Monk},
	title = {Introduction to Biological Modelling},
	date = {24.11.2018},
	note = "\url{https://www.maths.nottingham.ac.uk/minisites/mathsforlife/cpib2012/lect3p2_stochastic_handout.pdf} accessed 24.11.2018"
}


@online{sim_tutorial,
	author = {Matt Scott},
	title = {Tutorial: Genetic circuits and noise},
	date = {26.11.2018},
	note = "\url{http://www.math.uwaterloo.ca/~mscott/NoiseTutorial.pdf} accessed 26.11.2018"
}


@online{repressilator,
	ALTauthor = {author},
	ALTeditor = {editor},
	title = {Repressiolator model at Biomodels Database},
date = {09.10.2018},
note = "\url{http://www.ebi.ac.uk/biomodels-main/BIOMD0000000012} accessed 24.11.2018"
}

@online{libsbml,
	title = {libsbml},
	date = {24.11.2019},
	note = "\url{http://sbml.org/Software/libSBML} accessed 24.11.2019"
}

@online{pycharm,
	title = {PyCharm},
	date = {24.11.2019},
	note = "\url{https://www.jetbrains.com/pycharm/} accessed 24.11.2019"
}

@online{pyunit,
	title = {PyUnit},
	date = {24.11.2019},
	note = "\url{https://wiki.python.org/moin/PyUnit} accessed 24.11.2019"
}

@online{tkinter,
	title = {TkInter},
	date = {24.11.2019},
	note = "\url{https://wiki.python.org/moin/TkInter} accessed 24.11.2019"
}

@online{gtk,
	title = {Gtk+ 3},
	date = {24.11.2019},
	note = "\url{https://www.gtk.org/} accessed 24.11.2019"
}

@online{gtk_python,
	title = {PyGObject, Gtk+ 3 Python binding},
	date = {24.11.2019},
	note = "\url{https://pygobject.readthedocs.io/en/latest/} accessed 24.11.2019"
}

@online{matplotlib,
	title = {Matplotlib},
	date = {24.11.2019},
	note = "\url{https://matplotlib.org/} accessed 09.10.2018"
}

@online{git,
	title = {Git},
	date = {24.11.2019},
	note = "\url{https://git-scm.com/} accessed 24.11.2019"
}

@online{github,
	title = {GitHub},
	date = {24.11.2019},
	note = "\url{https://github.com/} accessed 24.11.2019"
}

@online{copasi,
	title = {COPASI},
date = {24.11.2019},
note = "\url{http://copasi.org/} accessed 09.10.2018"
}

@online{genocad,
	title = {GenoCAD},
date = {24.11.2019},
note = "\url{https://genocad.com/} accessed 09.10.2018"
}

@online{tinkercell,
	title = {TinkerCell},
date = {24.11.2019},
note = "\url{http://www.tinkercell.com/} accessed 09.10.2018"
}

@online{biomodels,
	title = {BioModels Database},
date = {24.11.2019},
note = "\url{https://www.ebi.ac.uk/biomodels-main/} accessed 09.10.2018"
}

@online{rsbp,
	title = {Registry of Standard Biological Parts},
date = {24.11.2019},
note = "\url{http://parts.igem.org/Main_Page} accessed 09.10.2018"
}

@online{numpy,
	title = {NumPy},
	date = {24.11.2019},
	note = "\url{http://www.numpy.org/} accessed 09.10.2018"
}

@online{scipy,
	title = {SciPy},
date = {24.11.2019},
note = "\url{https://www.scipy.org/} accessed 09.10.2018"
}